<?xml version="1.0" encoding="UTF-8"?><collection xmlns="http://www.loc.gov/MARC21/slim"><record><leader>00629nam--2200193-i-4500</leader><controlfield tag="001">000007206</controlfield><controlfield tag="002">20161230</controlfield><controlfield tag="005">20161230201027</controlfield><controlfield tag="008">060222s1000------------r-----000-0-eng-d</controlfield><datafield ind1=" " ind2=" " tag="040"><subfield code="a">IFIN-HH</subfield></datafield><datafield ind1=" " ind2=" " tag="080"><subfield code="a">543.422</subfield></datafield><datafield ind1="1" ind2=" " tag="100"><subfield code="a">Bhacca, Norman S</subfield></datafield><datafield ind1="1" ind2="0" tag="245"><subfield code="a">Applications of nmr spectroscopy in organic chemistry</subfield><subfield code="b">Illustration from the steroid field</subfield><subfield code="c">Norman s. bhacca, dudley h. williams</subfield></datafield><datafield ind1=" " ind2=" " tag="260"><subfield code="a">San Francisco</subfield><subfield code="b">Holden-day,Inc</subfield><subfield code="c">1964</subfield></datafield><datafield ind1=" " ind2=" " tag="300"><subfield code="a">IX+198 P</subfield></datafield><datafield ind1=" " ind2=" " tag="490"><subfield code="a">Holden-day Series In Physical Techniques In Chemistry</subfield></datafield><datafield ind1="1" ind2=" " tag="700"><subfield code="a">Williams, Dudley H</subfield></datafield><datafield ind1=" " ind2=" " tag="852"><subfield code="a">21701</subfield><subfield code="c">539.143.43</subfield></datafield><datafield ind1=" " ind2=" " tag="CAT"><subfield code="a">Sys</subfield><subfield code="c">20120419</subfield><subfield code="h">143719</subfield></datafield></record></collection>